<record><leader>00000cas a22000007a 4500</leader><controlfield tag="001">10418918</controlfield><controlfield tag="008">840215d18911892ksuwr ne      0   a0eng d</controlfield><datafield ind1=" " ind2=" " tag="010"><subfield code="a">sn 83041200 </subfield></datafield><datafield ind1=" " ind2=" " tag="040"><subfield code="a">KSH</subfield><subfield code="b">eng</subfield><subfield code="c">KSH</subfield><subfield code="d">NPT</subfield><subfield code="d">OCLCQ</subfield></datafield><datafield ind1=" " ind2=" " tag="042"><subfield code="a">msc</subfield></datafield><datafield ind1=" " ind2=" " tag="043"><subfield code="a">n-us-ks</subfield></datafield><datafield ind1="0" ind2="0" tag="245"><subfield code="a">Echo-advocate.</subfield></datafield><datafield ind1=" " ind2=" " tag="260"><subfield code="a">Coldwater, Kan. :</subfield><subfield code="b">E.G. Phelps,</subfield><subfield code="c">1891-</subfield></datafield><datafield ind1=" " ind2=" " tag="300"><subfield code="a">v.</subfield></datafield><datafield ind1=" " ind2=" " tag="310"><subfield code="a">Weekly</subfield></datafield><datafield ind1="0" ind2=" " tag="362"><subfield code="a">Vol. 7, no. 25 (Aug. 8, 1891)-</subfield></datafield><datafield ind1="1" ind2=" " tag="362"><subfield code="a">Ceased with Sept. 1, 1892 issue?</subfield></datafield><datafield ind1=" " ind2=" " tag="500"><subfield code="a">Publishers: Ross &amp; Wynn, Oct. 10, 1891-Jan. 16, 1892; Alliance Pub. Co., Jan. 23, 1892-</subfield></datafield><datafield ind1=" " ind2=" " tag="752"><subfield code="a">United States</subfield><subfield code="b">Kansas</subfield><subfield code="c">Comanche</subfield><subfield code="d">Coldwater.</subfield></datafield><datafield ind1="0" ind2="4" tag="780"><subfield code="t">Coldwater echo</subfield><subfield code="w">(DLC)sn 83041184</subfield></datafield><datafield ind1="0" ind2="4" tag="780"><subfield code="t">People's advocate (Coldwater, Kan.)</subfield><subfield code="w">(DLC)sn 83041201</subfield></datafield><datafield ind1="0" ind2="4" tag="785"><subfield code="t">Western star (Coldwater, Kan.)</subfield><subfield code="w">(DLC)sn 83041183</subfield></datafield><datafield ind1="1" ind2=" " tag="029"><subfield code="a">AU@</subfield><subfield code="b">000025807823</subfield></datafield></record>